<?xml version="1.0" encoding="UTF-8"?><collection xmlns="http://www.loc.gov/MARC21/slim"><record><leader>00571nam--2200193-i-4500</leader><controlfield tag="001">000032511</controlfield><controlfield tag="002">20161230</controlfield><controlfield tag="005">20170103011628</controlfield><controlfield tag="008">060222s1000------------r-----000-0-eng-d</controlfield><datafield ind1=" " ind2=" " tag="040"><subfield code="a">IFIN-HH</subfield></datafield><datafield ind1=" " ind2=" " tag="080"><subfield code="a">537.226.4</subfield></datafield><datafield ind1="1" ind2=" " tag="100"><subfield code="a">Mitsui, T</subfield></datafield><datafield ind1="1" ind2="0" tag="245"><subfield code="a">An introduction to the physics of ferroelectrics</subfield><subfield code="c">T. Mitsui; I. Tatzuzaki; E. Nakamura</subfield></datafield><datafield ind1=" " ind2=" " tag="260"><subfield code="a">New York</subfield><subfield code="b">Gordon And Breach Science Publishing</subfield><subfield code="c">1976</subfield></datafield><datafield ind1=" " ind2=" " tag="300"><subfield code="a">443 p</subfield></datafield><datafield ind1=" " ind2=" " tag="490"><subfield code="a">Ferroelectricity And Related Phenomena</subfield></datafield><datafield ind1="1" ind2=" " tag="700"><subfield code="a">Nakamura, E</subfield></datafield><datafield ind1=" " ind2=" " tag="852"><subfield code="a">45118</subfield><subfield code="c">537:538</subfield></datafield><datafield ind1=" " ind2=" " tag="CAT"><subfield code="a">SYS</subfield><subfield code="c">20170103</subfield><subfield code="h">011628</subfield></datafield></record></collection>